<?xml version="1.0" encoding="UTF-8"?>
  <record xmlns="http://www.loc.gov/MARC21/slim" type="Authority">
    <leader>00000nz  a2200000nc 4500</leader>
    <controlfield tag="001">104348348</controlfield>
    <controlfield tag="003">DE-101</controlfield>
    <controlfield tag="005">20200428145004.0</controlfield>
    <controlfield tag="008">970306n||aznnnaabn           | aaa    |c</controlfield>
    <datafield tag="024" ind1="7" ind2=" ">
      <subfield code="a">104348348</subfield>
      <subfield code="0">http://d-nb.info/gnd/104348348</subfield>
      <subfield code="2">gnd</subfield>
    </datafield>
    <datafield tag="035" ind1=" " ind2=" ">
      <subfield code="a">(DE-101)104348348</subfield>
    </datafield>
    <datafield tag="035" ind1=" " ind2=" ">
      <subfield code="a">(DE-588)104348348</subfield>
    </datafield>
    <datafield tag="035" ind1=" " ind2=" ">
      <subfield code="z">(DE-588a)104348348</subfield>
      <subfield code="9">v:zg</subfield>
    </datafield>
    <datafield tag="040" ind1=" " ind2=" ">
      <subfield code="a">DE-12</subfield>
      <subfield code="c">DE-12</subfield>
      <subfield code="9">r:DE-12</subfield>
      <subfield code="b">ger</subfield>
      <subfield code="d">0023</subfield>
    </datafield>
    <datafield tag="042" ind1=" " ind2=" ">
      <subfield code="a">gnd1</subfield>
    </datafield>
    <datafield tag="043" ind1=" " ind2=" ">
      <subfield code="c">XA-DE</subfield>
    </datafield>
    <datafield tag="075" ind1=" " ind2=" ">
      <subfield code="b">p</subfield>
      <subfield code="2">gndgen</subfield>
    </datafield>
    <datafield tag="075" ind1=" " ind2=" ">
      <subfield code="b">piz</subfield>
      <subfield code="2">gndspec</subfield>
    </datafield>
    <datafield tag="079" ind1=" " ind2=" ">
      <subfield code="a">g</subfield>
      <subfield code="q">a</subfield>
      <subfield code="q">f</subfield>
    </datafield>
    <datafield tag="100" ind1="1" ind2=" ">
      <subfield code="a">Calchum, Wilhelm &#152;von&#156;</subfield>
      <subfield code="d">1584-1640</subfield>
    </datafield>
    <datafield tag="400" ind1="1" ind2=" ">
      <subfield code="a">Lohausen, Wilhelm &#152;von&#156;</subfield>
      <subfield code="d">1584-1640</subfield>
    </datafield>
    <datafield tag="400" ind1="1" ind2=" ">
      <subfield code="a">Calcheim, Wilhelm &#152;von&#156;</subfield>
      <subfield code="d">1584-1640</subfield>
    </datafield>
    <datafield tag="400" ind1="1" ind2=" ">
      <subfield code="a">Calcheim, Wilhelmus &#152;a&#156;</subfield>
      <subfield code="d">1584-1640</subfield>
    </datafield>
    <datafield tag="400" ind1="1" ind2=" ">
      <subfield code="a">Kalchum, Wilhelm &#152;von&#156;</subfield>
      <subfield code="d">1584-1640</subfield>
    </datafield>
    <datafield tag="400" ind1="1" ind2=" ">
      <subfield code="a">Kalchum, Guilhelmus &#152;a&#156;</subfield>
      <subfield code="d">1584-1640</subfield>
    </datafield>
    <datafield tag="400" ind1="1" ind2=" ">
      <subfield code="a">Lohousen, Wilhelm &#152;von&#156;</subfield>
      <subfield code="d">1584-1640</subfield>
    </datafield>
    <datafield tag="400" ind1="1" ind2=" ">
      <subfield code="a">Lohausen, Wilhelmus &#152;a&#156;</subfield>
      <subfield code="d">1584-1640</subfield>
    </datafield>
    <datafield tag="400" ind1="1" ind2=" ">
      <subfield code="a">Calchum, Guilhelmus &#152;a&#156;</subfield>
      <subfield code="d">1584-1640</subfield>
    </datafield>
    <datafield tag="400" ind1="1" ind2=" ">
      <subfield code="a">Calchum, Guilielmus &#152;a&#156;</subfield>
      <subfield code="d">1584-1640</subfield>
    </datafield>
    <datafield tag="400" ind1="1" ind2=" ">
      <subfield code="a">Calchum-Lohausen, Wilhelm &#152;von&#156;</subfield>
      <subfield code="d">1584-1640</subfield>
    </datafield>
    <datafield tag="400" ind1="1" ind2=" ">
      <subfield code="a">Calcum, Wilhelm</subfield>
      <subfield code="d">1584-1640</subfield>
    </datafield>
    <datafield tag="400" ind1="1" ind2=" ">
      <subfield code="a">Calcum von Lohausen, Wilhelm</subfield>
      <subfield code="d">1584-1640</subfield>
    </datafield>
    <datafield tag="400" ind1="1" ind2=" ">
      <subfield code="a">Lohausen, Wilhelm von Calchum</subfield>
      <subfield code="d">1584-1640</subfield>
    </datafield>
    <datafield tag="400" ind1="1" ind2=" ">
      <subfield code="a">Kalcheim Lohausen, Wilhelm &#152;von&#156;</subfield>
      <subfield code="d">1584-1640</subfield>
    </datafield>
    <datafield tag="400" ind1="1" ind2=" ">
      <subfield code="a">Lohausen, Wilhelm von Kalcheim</subfield>
      <subfield code="d">1584-1640</subfield>
    </datafield>
    <datafield tag="400" ind1="1" ind2=" ">
      <subfield code="a">Calchum genannt Lohausen, Wilhelm &#152;von&#156;</subfield>
      <subfield code="d">1584-1640</subfield>
    </datafield>
    <datafield tag="400" ind1="1" ind2=" ">
      <subfield code="a">Kalcheim genannt Lohausen, Wilhelm &#152;von&#156;</subfield>
      <subfield code="d">1584-1640</subfield>
    </datafield>
    <datafield tag="400" ind1="1" ind2=" ">
      <subfield code="a">Kalcheim genant Lohausen, Wilhelm &#152;von&#156;</subfield>
      <subfield code="d">1584-1640</subfield>
    </datafield>
    <datafield tag="400" ind1="1" ind2=" ">
      <subfield code="a">Lohausen, Wilhelm</subfield>
      <subfield code="c">von Calchum genannt</subfield>
      <subfield code="d">1584-1640</subfield>
    </datafield>
    <datafield tag="400" ind1="1" ind2=" ">
      <subfield code="a">Lohausen, Wilhelm</subfield>
      <subfield code="c">von Kalcheim genannt</subfield>
      <subfield code="d">1584-1640</subfield>
    </datafield>
    <datafield tag="400" ind1="1" ind2=" ">
      <subfield code="a">Calchum, Wilhelm &#152;von&#156;</subfield>
      <subfield code="c">genannt Lohausen ; Obrist</subfield>
      <subfield code="d">1584-1640</subfield>
    </datafield>
    <datafield tag="400" ind1="1" ind2=" ">
      <subfield code="a">Kalcheim, Wilhelm &#152;von&#156;</subfield>
      <subfield code="c">genannt Lohausen ; Obrist</subfield>
      <subfield code="d">1584-1640</subfield>
    </datafield>
    <datafield tag="400" ind1="1" ind2=" ">
      <subfield code="a">Calcheim, Wilhelm &#152;von&#156;</subfield>
      <subfield code="c">genannt Lohausen ; Obrist</subfield>
      <subfield code="d">1584-1640</subfield>
    </datafield>
    <datafield tag="400" ind1="1" ind2=" ">
      <subfield code="a">Lohausen, Wilhelm &#152;von&#156;</subfield>
      <subfield code="c">genannt Lohausen ; Obrist</subfield>
      <subfield code="d">1584-1640</subfield>
    </datafield>
    <datafield tag="400" ind1="1" ind2=" ">
      <subfield code="a">Kalchum, Guilhelmus a</subfield>
      <subfield code="c">genannt Lohausen ; Obrist</subfield>
      <subfield code="d">1584-1640</subfield>
    </datafield>
    <datafield tag="400" ind1="1" ind2=" ">
      <subfield code="a">Lohousen, Wilhelm &#152;von&#156;</subfield>
      <subfield code="c">genannt Lohausen ; Obrist</subfield>
      <subfield code="d">1584-1640</subfield>
    </datafield>
    <datafield tag="400" ind1="1" ind2=" ">
      <subfield code="a">Calchum, Guilielmus a</subfield>
      <subfield code="c">genannt Lohausen ; Obrist</subfield>
      <subfield code="d">1584-1640</subfield>
    </datafield>
    <datafield tag="400" ind1="1" ind2=" ">
      <subfield code="a">Lohausen, Wilhelm von Calchum</subfield>
      <subfield code="c">genannt Lohausen ; Obrist</subfield>
      <subfield code="d">1584-1640</subfield>
    </datafield>
    <datafield tag="548" ind1=" " ind2=" ">
      <subfield code="a">1584-1640</subfield>
      <subfield code="4">datl</subfield>
      <subfield code="4">https://d-nb.info/standards/elementset/gnd#dateOfBirthAndDeath</subfield>
      <subfield code="w">r</subfield>
      <subfield code="i">Lebensdaten</subfield>
    </datafield>
    <datafield tag="667" ind1=" " ind2=" ">
      <subfield code="a">NDSBIO</subfield>
    </datafield>
    <datafield tag="667" ind1=" " ind2=" ">
      <subfield code="a">12</subfield>
    </datafield>
    <datafield tag="667" ind1=" " ind2=" ">
      <subfield code="a">7</subfield>
    </datafield>
    <datafield tag="667" ind1=" " ind2=" ">
      <subfield code="a">VD-17</subfield>
    </datafield>
    <datafield tag="672" ind1=" " ind2="0">
      <subfield code="a">Calchum, Wilhelm von: Zusammenfaßung etlicher geometrischer Aufgaben. - 1629</subfield>
    </datafield>
    <datafield tag="672" ind1=" " ind2="0">
      <subfield code="a">Sallustius Crispus, Gaius: Von catilinischer rottierung und Jugurthischen Krieg. - 1629</subfield>
    </datafield>
    <datafield tag="678" ind1=" " ind2=" ">
      <subfield code="b">Genannt Lohausen; Obrist</subfield>
    </datafield>
    <datafield tag="913" ind1=" " ind2=" ">
      <subfield code="S">pnd</subfield>
      <subfield code="i">a</subfield>
      <subfield code="a">Calchum, Wilhelm /von</subfield>
      <subfield code="0">(DE-588a)104348348</subfield>
    </datafield>
  </record>
